@misc{pong_simple,
  author = {Javier Iparraguirre},
  title = {Cross-platform Pong Game in C},
  year = {2023},
  note = {Source Code: javierip/structured-programming-c/structured-programming-C-134cf6fa8d65f66039f07aac2d0003c7a80ad316/project-game-pong/01-simple/main.c}
}

@misc{pong_vs_project,
    author = {Javier Iparraguirre},
    title = {PongGame.vcxproj},
    year = {2023},
    note = {Source Code: javierip/structured-programming-c/structured-programming-C-134cf6fa8d65f66039f07aac2d0003c7a80ad316/project-game-pong/02-simple-visual-studio/PongGame.vcxproj}
}

@misc{pong_vs_solution,
    author = {Javier Iparraguirre},
    title = {PongGame.sln},
    year = {2023},
    note = {Source Code: javierip/structured-programming-c/structured-programming-C-134cf6fa8d65f66039f07aac2d0003c7a80ad316/project-game-pong/02-simple-visual-studio/PongGame.sln}
}

@misc{pong_vs_main,
    author = {Javier Iparraguirre},
    title = {main.c for Visual Studio},
    year = {2023},
    note = {Source Code: javierip/structured-programming-c/structured-programming-C-134cf6fa8d65f66039f07aac2d0003c7a80ad316/project-game-pong/02-simple-visual-studio/main.c}
}

@misc{pong_sdl_main,
    author = {Javier Iparraguirre},
    title = {Simple Pong SDL},
    year = {2023},
    note = {Source Code: javierip/structured-programming-c/structured-programming-C-134cf6fa8d65f66039f07aac2d0003c7a80ad316/project-game-pong/03-simple-visual-studio-sdl/simplePongSDL/main.cpp}
}

@misc{wikipedia_pong,
  author = {{Wikipedia}},
  title = {Pong --- {Wikipedia}{,} La enciclopedia libre},
  year = {2023},
  url = {https://es.wikipedia.org/wiki/Pong},
  note = {[Online; consultado 14-octubre-2025]}
}
